@incollection{t-man,
   author = {Jelasity, Márk and Babaoglu, Ozalp},
   affiliation = {University of Bologna, Dipartimento di Scienze dell’Informazione, Mura Anteo Zamboni 7, 40126 Bologna Italy Italy},
   title = {T-Man: Gossip-Based Overlay Topology Management},
   booktitle = {Engineering Self-Organising Systems},
   series = {Lecture Notes in Computer Science},
   editor = {Brueckner, Sven and Serugendo, Giovanna and Hales, David and Zambonelli, Franco},
   publisher = {Springer Berlin / Heidelberg},
   isbn = {},
   pages = {1-15},
   volume = {3910},
   year = {2006}
}
